@article{jia2011analysis,
  title={An analysis and survey of the development of mutation testing},
  author={Jia, Yue and Harman, Mark},
  journal={Software Engineering, IEEE Transactions on},
  volume={37},
  number={5},
  pages={649--678},
  year={2011},
  publisher={IEEE}
}

@article{gopinath2015empirical,
  title={An empirical comparison of mutant selection approaches},
  author={Gopinath, Rahul and Alipour, Amin and Ahmed, Iftekhar and Jensen, Carlos and Groce, Alex and others},
  year={2015}
}

@article{vicente2003programming,
  title={Programming errors contribute to death from patient-controlled analgesia: case report and estimate of probability},
  author={Vicente, Kim J and Kada-Bekhaled, Karima and Hillel, Gillian and Cassano, Andrea and Orser, Beverley A},
  journal={Canadian Journal of Anesthesia},
  volume={50},
  number={4},
  pages={328--332},
  year={2003},
  publisher={Springer}
}

@article{wagner2005comparing,
  title={Comparing bug finding tools with reviews and tests},
  author={Wagner, Stefan and J{\"u}rjens, Jan and Koller, Claudia and Trischberger, Peter},
  journal={Lecture notes in computer science},
  volume={3502},
  pages={40--55},
  year={2005},
  publisher={Springer}
}

@article{wong1995reducing,
  title={Reducing the cost of mutation testing: An empirical study},
  author={Wong, W Eric and Mathur, Aditya P},
  journal={Journal of Systems and Software},
  volume={31},
  number={3},
  pages={185--196},
  year={1995},
  publisher={Elsevier}
}

@article{gopinath2015mutation,
 title={Do mutation reduction strategies matter?},
 author={Gopinath, Rahul and Alipour, Amin and Ahmed, Iftekhar and Jensen, Carlos and Groce, Alex and others},
 year={2015}
}

@incollection{offutt2001mutation,
  title={Mutation 2000: Uniting the orthogonal},
  author={Offutt, A Jefferson and Untch, Roland H},
  booktitle={Mutation testing for the new century},
  pages={34--44},
  year={2001},
  publisher={Springer}
}

@inproceedings{offutt1993experimental,
  title={An experimental evaluation of selective mutation},
  author={Offutt, A Jefferson and Rothermel, Gregg and Zapf, Christian},
  booktitle={Proceedings of the 15th international conference on Software Engineering},
  pages={100--107},
  year={1993},
  organization={IEEE Computer Society Press}
}

@inproceedings{mathur1991performance,
  title={Performance, effectiveness, and reliability issues in software testing},
  author={Mathur, Aditya P},
  booktitle={Computer Software and Applications Conference, 1991. COMPSAC'91., Proceedings of the Fifteenth Annual International},
  pages={604--605},
  year={1991},
  organization={IEEE}
}

@article{mathur1994empirical,
  title={An empirical comparison of data flow and mutation-based test adequacy criteria},
  author={Mathur, Aditya P and Wong, W Eric},
  journal={Software Testing, Verification and Reliability},
  volume={4},
  number={1},
  pages={9--31},
  year={1994},
  publisher={Wiley Online Library}
}

@inproceedings{demillo1988extended,
  title={An extended overview of the Mothra software testing environment},
  author={DeMillo, Richard A and Guindi, Dana S and McCracken, WM and Offutt, AJ and King, KN},
  booktitle={Software Testing, Verification, and Analysis, 1988., Proceedings of the Second Workshop on},
  pages={142--151},
  year={1988},
  organization={IEEE}
}

@article{king1991fortran,
  title={A fortran language system for mutation-based software testing},
  author={King, Kim N and Offutt, A Jefferson},
  journal={Software: Practice and Experience},
  volume={21},
  number={7},
  pages={685--718},
  year={1991},
  publisher={Wiley Online Library}
}

@inproceedings{mcminn2016virtual,
  title={Virtual mutation analysis of relational database schemas},
  author={McMinn, Phil and Kapfhammer, Gregory M and Wright, Chris J},
  booktitle={Proceedings of the 11th International Workshop on Automation of Software Test},
  pages={36--42},
  year={2016},
  organization={ACM}
}

% @article{mcminn2015effectiveness,
%   title={The effectiveness of test coverage criteria for relational database schema integrity constraints},
%   author={Mcminn, Phil and Wright, Chris J and Kapfhammer, Gregory M},
%   journal={ACM Transactions on Software Engineering and Methodology (TOSEM)},
%   volume={25},
%   number={1},
%   pages={8},
%   year={2015},
%   publisher={ACM}
% }
%
% @article{demillo1978hints,
%   title={Hints on test data selection: Help for the practicing programmer},
%   author={DeMillo, Richard A and Lipton, Richard J and Sayward, Frederick G},
%   journal={Computer},
%   number={4},
%   pages={34--41},
%   year={1978},
%   publisher={IEEE}
% }
%
% @article{mcminnvirtual,
%       title={Virtual Mutation Analysis of Relational Database Schemas},
%         author={McMinn, Phil and Kapfhammer, Gregory M and Wright, Chris J}
% }
%
% @inproceedings{wright2013efficient,
%   title={Efficient mutation analysis of relational database structure using mutant schemata and parallelisation},
%   author={Wright, Chris J and Kapfhammer, Gregory M and McMinn, Phil},
%   booktitle={Software Testing, Verification and Validation Workshops (ICSTW), 2013 IEEE Sixth International Conference on},
%   pages={63--72},
%   year={2013},
%   organization={IEEE}
% }
%
% @inproceedings{just2011major,
%   title={MAJOR: An efficient and extensible tool for mutation analysis in a Java compiler},
%   author={Just, Rene and Schweiggert, Franz and Kapfhammer, Gregory M},
%   booktitle={Proceedings of the 2011 26th IEEE/ACM International Conference on Automated Software Engineering},
%   pages={612--615},
%   year={2011},
%   organization={IEEE Computer Society}
% }
%
% @inproceedings{just2014defects4j,
%   title={Defects4J: A database of existing faults to enable controlled testing studies for Java programs},
%   author={Just, Ren{\'e} and Jalali, Darioush and Ernst, Michael D},
%   booktitle={Proceedings of the 2014 International Symposium on Software Testing and Analysis},
%   pages={437--440},
%   year={2014},
%   organization={ACM}
% }
%
% @inproceedings{inozemtseva2014coverage,
%   title={Coverage is not strongly correlated with test suite effectiveness},
%   author={Inozemtseva, Laura and Holmes, Reid},
%   booktitle={Proceedings of the 36th International Conference on Software Engineering},
%   pages={435--445},
%   year={2014},
%   organization={ACM}
% }
%
%
% @inproceedings{offutt1993experimental,
%   title={An experimental evaluation of selective mutation},
%   author={Offutt, A Jefferson and Rothermel, Gregg and Zapf, Christian},
%   booktitle={Proceedings of the 15th international conference on Software Engineering},
%   pages={100--107},
%   year={1993},
%   organization={IEEE Computer Society Press}
% }
%
% @inproceedings{mathur1991performance,
%   title={Performance, effectiveness, and reliability issues in software testing},
%   author={Mathur, Aditya P},
%   booktitle={Computer Software and Applications Conference, 1991. COMPSAC'91., Proceedings of the Fifteenth Annual International},
%   pages={604--605},
%   year={1991},
%   organization={IEEE}
% }
%
% @article{budd1980mutation,
%   title={Mutation analysis of program test data},
%   author={Budd, Timothy Alan},
%   year={1980},
%   publisher={Yale University}
% }
%
% @inproceedings{zhang2010operator,
%   title={Is operator-based mutant selection superior to random mutant selection?},
%   author={Zhang, Lu and Hou, Shan-Shan and Hu, Jun-Jue and Xie, Tao and Mei, Hong},
%   booktitle={Proceedings of the 32nd ACM/IEEE International Conference on Software Engineering-Volume 1},
%   pages={435--444},
%   year={2010},
%   organization={ACM}
% }
%
% @inproceedings{zhang2013operator,
%   title={Operator-based and random mutant selection: Better together},
%   author={Zhang, Lingming and Gligoric, Milos and Marinov, Darko and Khurshid, Sarfraz},
%   booktitle={Automated Software Engineering (ASE), 2013 IEEE/ACM 28th International Conference on},
%   pages={92--102},
%   year={2013},
%   organization={IEEE}
% }
%
% @article{wong1995reducing,
%   title={Reducing the cost of mutation testing: An empirical study},
%   author={Wong, W Eric and Mathur, Aditya P},
%   journal={Journal of Systems and Software},
%   volume={31},
%   number={3},
%   pages={185--196},
%   year={1995},
%   publisher={Elsevier}
% }
%
% @article{traeger2008nine,
%   title={A nine year study of file system and storage benchmarking},
%   author={Traeger, Avishay and Zadok, Erez and Joukov, Nikolai and Wright, Charles P},
%   journal={ACM Transactions on Storage (TOS)},
%   volume={4},
%   number={2},
%   pages={5},
%   year={2008},
%   publisher={ACM}
% }
%
% @article{budd1980mutation,
%   title={Mutation analysis of program test data},
%   author={Budd, Timothy Alan},
%   year={1980},
%   publisher={Yale University}
% }
%
% @inproceedings{inozemtseva2014coverage,
%   title={Coverage is not strongly correlated with test suite effectiveness},
%   author={Inozemtseva, Laura and Holmes, Reid},
%   booktitle={Proceedings of the 36th International Conference on Software Engineering},
%   pages={435--445},
%   year={2014},
%   organization={ACM}
% }
%
% @book{silberschatz1997database,
%   title={Database system concepts},
%   author={Silberschatz, Abraham and Korth, Henry F and Sudarshan, Shashank and others},
%   volume={4},
%   year={1997},
%   publisher={McGraw-Hill New York}
% }
